<?xml version="1.0" encoding="UTF-8"?><collection><record><leader>07158ntm a2200577 a 4500</leader><controlfield tag="001">006795136</controlfield><controlfield tag="003">MiAaHDL</controlfield><controlfield tag="005">20190719000000.0</controlfield><controlfield tag="006">m        d        </controlfield><controlfield tag="007">cr bn ---auaua</controlfield><controlfield tag="008">090520s1370    xx            00| ||ara d</controlfield><datafield tag="035" ind1=" " ind2=" "><subfield code="a">(MiU)006795136</subfield></datafield><datafield tag="035" ind1=" " ind2=" "><subfield code="a">sdr-miu006795136</subfield></datafield><datafield tag="040" ind1=" " ind2=" "><subfield code="a">MiU</subfield><subfield code="c">MiU</subfield><subfield code="e">amremm</subfield></datafield><datafield tag="043" ind1=" " ind2=" "><subfield code="a">n-us-mi</subfield></datafield><datafield tag="100" ind1="1" ind2=" "><subfield code="6">880-01</subfield><subfield code="a">Mawṣilī, ʻAbd Allāh ibn Maḥmūd,</subfield><subfield code="d">1202 or 1203-1284.</subfield></datafield><datafield tag="245" ind1="1" ind2="3"><subfield code="6">880-03</subfield><subfield code="a">al-Mukhtār lil-fatwá,</subfield><subfield code="f">[771, i.e. 1370].</subfield></datafield><datafield tag="246" ind1="3" ind2=" "><subfield code="6">880-05</subfield><subfield code="i">Title on fol.1b in modern hand:</subfield><subfield code="a">al-Mukhtār al-fatwā</subfield></datafield><datafield tag="246" ind1="3" ind2=" "><subfield code="6">880-04</subfield><subfield code="i">Title from p. [2] of cover:</subfield><subfield code="a">Mukhtār al-fatwá</subfield></datafield><datafield tag="260" ind1=" " ind2=" "><subfield code="c">[1370].</subfield></datafield><datafield tag="300" ind1=" " ind2=" "><subfield code="a">126 leaves :</subfield><subfield code="b">paper ;</subfield><subfield code="c">243 x 170 (130 x 85) mm. bound to 243 x 160 (170) mm.</subfield></datafield><datafield tag="500" ind1=" " ind2=" "><subfield code="a">Shelfmark: Ann Arbor, University of Michigan, Special Collections Library, Isl. Ms. 542</subfield></datafield><datafield tag="500" ind1=" " ind2=" "><subfield code="a">Origin: As appears in colophon (fol.122a), copying finished ("wa-qad waqaʻa al-farāgh min hādhihi al-nuskhah al-sharīfah") by "Ṣafī al-Dīn Ibrāhīm ibn Muḥammad ibn Aḥmad al-Fiqhī al-Murīdī al-maʻrūf bi-Fiqhī Muḥammad al-Gharīb" on the 10th of Shawwāl 771 / 7th May 1370.</subfield></datafield><datafield tag="500" ind1=" " ind2=" "><subfield code="a">Accompanying materials: a. Inventory cataloguing slip in hand of Winifred Smeaton Thomas. -- b. Acquisitions slip from Yahuda.</subfield></datafield><datafield tag="500" ind1=" " ind2=" "><subfield code="a">Former shelfmark: From red-bordered paper label on upper cover "٤٢" ; from spine label "IL 324" (likely supplied by Yahuda).</subfield></datafield><datafield tag="500" ind1=" " ind2=" "><subfield code="a">Binding: Pasteboard covered with European paper (seen also in board linings and back flyleaf, bearing Anchor watermark) and leather (cover edges and spine) ; Type III binding (without flap) ; does not cover textblock well ; upper cover measures smaller than lower cover ; board linings in European laid paper with anchor watermark ; upper cover bears paper label with former shelfmark "٤٢" and spine bears paper label with former shelfmark "IL 324" ; in poor condition ; housed in box for protection.</subfield></datafield><datafield tag="500" ind1=" " ind2=" "><subfield code="a">Support: non-European (Arab) laid paper ; many undissolved fibers evident ; chain lines visible, running vertically and found in alternating groups of twos and threes, spaced roughly 8 mm. between the individual chain lines and 52 mm. between groups ; compare that of BnF Arabe 5915 copied in Cairo as reported in Humbert, G. "Papiers non filigranés utilisés au Proche-Orient jusqu'en 1450: essai de typologie."</subfield></datafield><datafield tag="500" ind1=" " ind2=" "><subfield code="a">Decoration: Marginal illustration in green and sepia on fol.113a in the section on blood money (Kitāb al-diyāt) depicts "زقاق غير نافذ وزقاق نافذ" ; rectangular figure on fol.39a is accompanied by caption "نصف ثلث سدس" ; textual abbreviations in red "ف" "ه" "م ف" "سم ف".</subfield></datafield><datafield tag="500" ind1=" " ind2=" "><subfield code="a">Script: Naskh ; clear hand in a medium line ; sans serif with low sweeping tails on final ʻayn, ḥāʼ, etc. ; chapter and section headings in a larger, seriffed, display script.</subfield></datafield><datafield tag="500" ind1=" " ind2=" "><subfield code="a">Layout: Written in 11 lines per page.</subfield></datafield><datafield tag="500" ind1=" " ind2=" "><subfield code="a">Collation: iii, 12 V (120), III (126), i ; chiefly quinions; catchwords present, directly under final line on left hand side of page; pagination added later in pencil, Western numerals.</subfield></datafield><datafield tag="500" ind1=" " ind2=" "><subfield code="a">Colophon: "Scribal," rectangular, reads, "والحمد لله وحده والصلاة على من لا نبي بعده وقد وقع الفراغ من هذه النسخة الشريفة على يد العبد الضعيف اضعف الطلاب [...?] بذنوبه [?] صفي الدين بن [?] ابراهيم بن محمد بن احمد الفقهي المريدي المعروف بفقهي [?] محمد الغريب غفر الله له ولوالديه ولجميع المسلمين عاشر شوال من شهور سنة احدى وسبعين وسبعمائة"</subfield></datafield><datafield tag="500" ind1=" " ind2=" "><subfield code="a">Explicit: "كان لم يكن ثم اقسم الباقي على سهام الباقين تم والحمدلله على التمام وللرسول افضل السلام"</subfield></datafield><datafield tag="500" ind1=" " ind2=" "><subfield code="a">Incipit: "الحمد لله على [...?] نعمايه احمده على جليل الايه واشكره على جميل بلايه واشهده ان لا اله الا هو ... وبعد فطلب الي من وجب جوابه على ان اجمع له مختصرا على مذهب الامام الاعظم ابي حنيفة عفي الله عنه وارضاه ... هذا المختصر كما طلبه ... وسميته المختار للفتوى"</subfield></datafield><datafield tag="500" ind1=" " ind2=" "><subfield code="a">Title from opening.</subfield></datafield><datafield tag="500" ind1=" " ind2=" "><subfield code="a">Ms. codex.</subfield></datafield><datafield tag="510" ind1="4" ind2=" "><subfield code="a">Hajji Khalifah. Kashf al-ẓunūn,</subfield><subfield code="c">v 436, no.11585</subfield></datafield><datafield tag="510" ind1="4" ind2=" "><subfield code="a">Brockelmann, C. GAL,</subfield><subfield code="c">I, 382</subfield></datafield><datafield tag="510" ind1="4" ind2=" "><subfield code="a">Humbert, G. "Papiers non filigranés utilisés au Proche-Orient jusqu'en 1450: essai de typologie."</subfield><subfield code="c">Journal asiatique, 286, no. 1:1-54.</subfield></datafield><datafield tag="520" ind1="8" ind2=" "><subfield code="a">Early copy of Abū al-Faḍl ʻAbd Allāh ibn Maḥmūd ibn Mawdūd al-Mawṣilī al-Buldajī's (d. 683/1284) compendium of Ḥanafī legal decisions. Includes extensive commentary in same hand as the main text, as well as many notes, quotes, case descriptions, and other extra-textual material in varying hands. Ms. is badly wormed though vast majority of the text is preserved. See Isl. Ms. 78 and Isl. Ms. 543 for other ms. copies of this work.</subfield></datafield><datafield tag="538" ind1=" " ind2=" "><subfield code="a">Mode of access: Internet.</subfield></datafield><datafield tag="541" ind1=" " ind2=" "><subfield code="a">Acquired in 1926 from the bookseller Isaac Benjamin S.E. Yahuda via purchase transacted on his behalf by Abraham Shalom Yahuda (1877-1951), his younger brother.</subfield></datafield><datafield tag="546" ind1=" " ind2=" "><subfield code="a">Arabic.</subfield></datafield><datafield tag="561" ind1=" " ind2=" "><subfield code="a">Seal of Solomon inscription (with greatest name of God / al-Ism al-Aʻẓam) at head of fol.1a ; magic square (wafq) in the upper margin of fol.5a is accompanied by the inscription "من كتب هذا الشكل في كتابه امن من الفقر" ; waqf statement on fol.122b reads "وقف هذا الكتاب المسمى بالمختار الفتوى الحاج موسى بن محمد بن رسول من جماعة الاكولية لاجل روح اخيه ... الحاج محمود ابتاعه بالوصية الشرعية من ملك اخيه المذكور ابتغاء لوجه الله ... على من يكون اهلا لقراءته من فقهاء الحنفية ... بعد الفقيه عثمان بن الفقيه حسن وبشرط ان لا يباع ولا يرهن ولا يسترهن ولا يؤجر ولا يستأجر ويعار للنسخ وللمطالع [؟] لمن يبغي فمن بدله بعد ان سمع فانما اثمه على الذين يبدلونه ان الله سميع عليم"; inscriptions on head edge and tail edge are illegible.</subfield></datafield><datafield tag="650" ind1=" " ind2="0"><subfield code="a">Manuscripts, Arabic</subfield><subfield code="z">Michigan</subfield><subfield code="z">Ann Arbor.</subfield></datafield><datafield tag="650" ind1=" " ind2="0"><subfield code="a">Hanafites</subfield><subfield code="v">Early works to 1800.</subfield></datafield><datafield tag="650" ind1=" " ind2="0"><subfield code="a">Islamic law</subfield><subfield code="v">Early works to 1800.</subfield></datafield><datafield tag="700" ind1="0" ind2=" "><subfield code="6">880-06</subfield><subfield code="a">Ṣafī al-Dīn Ibrāhīm ibn Muḥammad ibn Aḥmad al-Fiqhī al-Murīdī,</subfield><subfield code="d">flourished 1370,</subfield><subfield code="e">scribe.</subfield></datafield><datafield tag="773" ind1="0" ind2=" "><subfield code="a">Yahuda Collection.</subfield></datafield><datafield tag="880" ind1="0" ind2=" "><subfield code="6">700-06/</subfield><subfield code="a">صفي الدين ابراهيم بن محمد بن احمد الفقهي المريدي,</subfield><subfield code="e">ناسخ.</subfield></datafield><datafield tag="880" ind1="3" ind2=" "><subfield code="6">246-05/</subfield><subfield code="a">المختار الفتوا</subfield></datafield><datafield tag="880" ind1="3" ind2=" "><subfield code="6">246-04/</subfield><subfield code="a">مختار الفتوى</subfield></datafield><datafield tag="880" ind1="1" ind2="2"><subfield code="6">245-03/</subfield><subfield code="a">المختار للفتوى,</subfield><subfield code="f">[771م، 1370ه].</subfield></datafield><datafield tag="880" ind1="1" ind2=" "><subfield code="6">100-01/</subfield><subfield code="a">.موصلي، عبد الله بن محمود</subfield></datafield><datafield tag="CID" ind1=" " ind2=" "><subfield code="a">006795136</subfield></datafield><datafield tag="DAT" ind1="0" ind2=" "><subfield code="a">20190719102635.0</subfield><subfield code="b">20190719000000.0</subfield></datafield><datafield tag="DAT" ind1="1" ind2=" "><subfield code="a">20190719090653.0</subfield><subfield code="b">2019-07-19T16:11:27Z</subfield></datafield><datafield tag="DAT" ind1="2" ind2=" "><subfield code="a">2015-10-02T18:00:03Z</subfield></datafield><datafield tag="CAT" ind1=" " ind2=" "><subfield code="a">SDR-MIU</subfield><subfield code="d">EX LIBRIS - ALEPH</subfield><subfield code="l">prepare.pl-004-008</subfield></datafield><datafield tag="FMT" ind1=" " ind2=" "><subfield code="a">BK</subfield></datafield><datafield tag="HOL" ind1=" " ind2=" "><subfield code="0">sdr-miu006795136</subfield><subfield code="a">MiU</subfield><subfield code="b">SDR</subfield><subfield code="c">MIU</subfield><subfield code="p">mdp.39015079126317</subfield><subfield code="s">MIU</subfield><subfield code="1">006795136</subfield></datafield><datafield tag="974" ind1=" " ind2=" "><subfield code="b">MIU</subfield><subfield code="c">MIU</subfield><subfield code="d">20190719</subfield><subfield code="s">lit-dlps-dc</subfield><subfield code="u">mdp.39015079126317</subfield><subfield code="y">1370</subfield><subfield code="r">pd</subfield><subfield code="q">bib</subfield><subfield code="t">non-US bib date1 &lt; 1879</subfield></datafield></record></collection>